<record><leader>00000cas a2200000 a 4500</leader><controlfield tag="001">18699960</controlfield><controlfield tag="008">881102d19001903laudn ne      0   a0eng  </controlfield><controlfield tag="009">8528</controlfield><datafield ind1=" " ind2=" " tag="010"><subfield code="a">sn 88064676 </subfield></datafield><datafield ind1=" " ind2=" " tag="040"><subfield code="a">LNP</subfield><subfield code="b">eng</subfield><subfield code="c">LNP</subfield><subfield code="d">OCLCQ</subfield><subfield code="d">LNP</subfield><subfield code="d">DLC</subfield><subfield code="d">OCLCF</subfield></datafield><datafield ind1=" " ind2=" " tag="012"><subfield code="l">a</subfield></datafield><datafield ind1="0" ind2=" " tag="022"><subfield code="a">2163-7024</subfield><subfield code="2">1</subfield></datafield><datafield ind1="1" ind2=" " tag="029"><subfield code="a">AU@</subfield><subfield code="b">000020547257</subfield></datafield><datafield ind1=" " ind2=" " tag="042"><subfield code="a">pcc</subfield><subfield code="a">nsdp</subfield></datafield><datafield ind1=" " ind2=" " tag="043"><subfield code="a">n-us-la</subfield></datafield><datafield ind1="0" ind2="0" tag="050"><subfield code="a">Newspaper</subfield></datafield><datafield ind1="1" ind2="0" tag="082"><subfield code="a">070</subfield><subfield code="2">14</subfield></datafield><datafield ind1=" " ind2="4" tag="222"><subfield code="a">The Jennings daily record</subfield></datafield><datafield ind1="0" ind2="4" tag="245"><subfield code="a">The Jennings daily record.</subfield></datafield><datafield ind1="1" ind2="3" tag="246"><subfield code="a">Jennings record</subfield></datafield><datafield ind1="3" ind2="0" tag="246"><subfield code="a">Saturday record</subfield></datafield><datafield ind1=" " ind2=" " tag="260"><subfield code="a">Jennings, La. :</subfield><subfield code="b">N.L. Miller</subfield></datafield><datafield ind1=" " ind2=" " tag="300"><subfield code="a">v.</subfield></datafield><datafield ind1=" " ind2=" " tag="310"><subfield code="a">Daily (except Sun.)</subfield></datafield><datafield ind1="0" ind2=" " tag="362"><subfield code="a">Began in 1900.</subfield></datafield><datafield ind1="1" ind2=" " tag="362"><subfield code="a">-v. 3, no. 203 (Aug. 28, 1903).</subfield></datafield><datafield ind1=" " ind2=" " tag="500"><subfield code="a">Title varies: The Saturday record, Apr. 25, 1903.</subfield></datafield><datafield ind1=" " ind2=" " tag="530"><subfield code="a">Archived issues are available in digital format as part of the Library of Congress Chronicling America online collection.</subfield></datafield><datafield ind1=" " ind2=" " tag="580"><subfield code="a">Absorbed: Daily times (Jennings, La.). June 1, 1903.</subfield></datafield><datafield ind1=" " ind2=" " tag="588"><subfield code="a">Description based on: Vol. 2, no. 248 (Oct. 26, 1901).</subfield></datafield><datafield ind1=" " ind2="0" tag="651"><subfield code="a">Jennings (La.)</subfield><subfield code="v">Newspapers.</subfield></datafield><datafield ind1=" " ind2="0" tag="651"><subfield code="a">Jefferson Davis Parish (La.)</subfield><subfield code="v">Newspapers.</subfield></datafield><datafield ind1=" " ind2="7" tag="655"><subfield code="a">Newspapers.</subfield><subfield code="2">fast</subfield><subfield code="0">(OCoLC)fst01423814</subfield></datafield><datafield ind1=" " ind2="7" tag="651"><subfield code="a">Louisiana</subfield><subfield code="z">Jefferson Davis Parish.</subfield><subfield code="2">fast</subfield><subfield code="0">(OCoLC)fst01217776</subfield></datafield><datafield ind1=" " ind2="7" tag="651"><subfield code="a">Louisiana</subfield><subfield code="z">Jennings.</subfield><subfield code="2">fast</subfield><subfield code="0">(OCoLC)fst01211963</subfield></datafield><datafield ind1=" " ind2=" " tag="752"><subfield code="a">United States</subfield><subfield code="b">Louisiana</subfield><subfield code="c">Jefferson Davis</subfield><subfield code="d">Jennings.</subfield></datafield><datafield ind1="0" ind2=" " tag="775"><subfield code="t">Southern record</subfield><subfield code="w">(DLC)sn 88064660</subfield><subfield code="w">(OCoLC)18578815</subfield></datafield><datafield ind1="0" ind2=" " tag="775"><subfield code="t">Jennings times (Jennings, La.)</subfield><subfield code="w">(DLC)sn 89059334</subfield><subfield code="w">(OCoLC)20360783</subfield></datafield><datafield ind1="0" ind2="5" tag="780"><subfield code="t">Daily times (Jennings, La.)</subfield><subfield code="w">(DLC)sn 89059335</subfield><subfield code="w">(OCoLC)20360727</subfield></datafield><datafield ind1="0" ind2="0" tag="785"><subfield code="t">Jennings daily times-record</subfield><subfield code="w">(DLC)sn 88064678</subfield><subfield code="w">(OCoLC)18699435</subfield></datafield><datafield ind1="4" ind2="1" tag="856"><subfield code="u">http://www.loc.gov/chroniclingamerica/lccn/sn88064676/issues</subfield></datafield></record>